@Article{porter2000location,
  title={Location, competition, and economic development: Local clusters in a global economy},
  author={Porter, Michael E},
  journal={Economic development quarterly},
  volume={14},
  number={1},
  pages={15--34},
  year={2000},
  publisher={Sage Publications Sage CA: Thousand Oaks, CA}
}

@Article{preis2013quantifying,
  title={Quantifying trading behavior in financial markets using Google Trends},
  author={Preis, Tobias and Moat, Helen Susannah and Stanley, H Eugene},
  journal={Nature: scientific reports},
  year={2013}
}

@article{taylor2012interlocking,
  title={The interlocking network model},
  author={Taylor, Peter J},
  journal={International handbook of globalization and world cities},
  pages={51--63},
  year={2012},
  publisher={Edward Elgar Publishing: Cheltenham, UK/Northampton, UK}
}

@article{devriendt2008cyberplace,
  title={Cyberplace and cyberspace: two approaches to analyzing digital intercity linkages},
  author={Devriendt, Lomme and Derudder, Ben and Witlox, Frank},
  journal={Journal of Urban Technology},
  volume={15},
  number={2},
  pages={5--32},
  year={2008},
  publisher={Taylor \& Francis}
}

@Misc{commoncrawl,
   author={Common Crawl},
   title={Common Crawl},
   year={2017},
   howpublished="\url{https://commoncrawl.org/}",
   note={Accessed: 2017-04-25}
 }
 
@article{glaeser1992growth,
  title={Growth in cities},
  author={Glaeser, Edward L and Kallal, Hedi D and Scheinkman, Jose A and Shleifer, Andrei},
  journal={Journal of political economy},
  volume={100},
  number={6},
  pages={1126--1152},
  year={1992},
  publisher={The University of Chicago Press}
}

@misc{dornbusch1989financial,
  title={Financial factors in economic development},
  author={Dornbusch, Rudiger and Reynoso, Alejandro},
  year={1989},
  publisher={National Bureau of Economic Research Cambridge, Mass., USA}
}

@article{tornqvist1968flows,
  title={Flows of information and the location of economic activities},
  author={T{\"o}rnqvist, Gunnar},
  journal={Geografiska Annaler. Series B, Human Geography},
  volume={50},
  number={1},
  pages={99--107},
  year={1968},
  publisher={JSTOR}
}

@article{brunn2010networks,
  title={Networks of European cities in worlds of global economic and environmental change},
  author={Brunn, Stanley D and Devriendt, Lomme and Boulton, Andrew and Derudder, Ben and Witlox, Frank},
  journal={Fennia},
  volume={188},
  number={1},
  pages={37--49},
  year={2010}
}

@article{janc2015geography,
  title={Geography of Hyperlinks—Spatial Dimensions of Local Government Websites},
  author={Janc, Krzysztof},
  journal={European Planning Studies},
  volume={23},
  number={5},
  pages={1019--1037},
  year={2015},
  publisher={Taylor \& Francis}
}

@article{janc2015visibility,
  title={Visibility and Connections among Cities in Digital Space},
  author={Janc, Krzysztof},
  journal={Journal of Urban Technology},
  volume={22},
  number={4},
  pages={3--21},
  year={2015},
  publisher={Taylor \& Francis}
}

@article{gorman2000networks,
  title={The networks of the Internet: an analysis of provider networks in the USA},
  author={Gorman, Sean P and Malecki, Edward J},
  journal={Telecommunications Policy},
  volume={24},
  number={2},
  pages={113--134},
  year={2000},
  publisher={Elsevier}
}

@article{choi2006comparing,
  title={Comparing world city networks: a network analysis of Internet backbone and air transport intercity linkages},
  author={Choi, Junho H and Barnett, George A and CHON, BUM-SOO},
  journal={Global Networks},
  volume={6},
  number={1},
  pages={81--99},
  year={2006},
  publisher={Wiley Online Library}
}

@article{fischer1993role,
  title={The role of macroeconomic factors in growth},
  author={Fischer, Stanley},
  journal={Journal of monetary economics},
  volume={32},
  number={3},
  pages={485--512},
  year={1993},
  publisher={Elsevier}
}

@book{cairncross2013factors,
  title={Factors in economic development},
  author={Cairncross, Alexander Kirkland},
  year={2013},
  publisher={Routledge}
}
 
 @Misc{googleTrends,
   author={Google},
   title={Google Trends},
   year={2017},
   howpublished="\url{ https://trends.google.com/trends/home/all/NL}",
   note={Accessed: 2017-05-01}
 }

@Misc{weka,
   author={University of Waikato},
   title={Weka},
   year={2017},
   howpublished="\url{http://www.cs.waikato.ac.nz/ml/weka/}",
   note={Accessed: 2017-04-26}
 }

@Misc{MLCheatSheet,
   author={Microsoft},
   title={Microsoft Azure Machine Learning Algorithm Cheat Sheet},
   year={2017},
   howpublished="\url{https://docs.microsoft.com/en-us/azure/machine-learning/machine-learning-algorithm-choice}",
   note={Accessed: 2017-04-28}
 }

@article{gaustad2002accurate,
  title={Accurate stemming of Dutch for text classification},
  author={Gaustad, Tanja and Bouma, Gosse},
  journal={Language and Computers},
  volume={45},
  number={1},
  pages={104--117},
  year={2002},
  publisher={Rodopi}
}

@Misc{scikit-learn,
   author={Scikit-learn developers},
   title={Scikit-learn},
   year={2017},
   howpublished="\url{http://scikit-learn.org/stable/index.html}",
   note={Accessed: 2017-04-26]}
 } 
 
@Misc{Gensim,
   author={Radim Řehůřek },
   title={Gensim},
   year={2017},
   howpublished="\url{ https://radimrehurek.com/gensim/models/tfidfmodel.html}",
   note={Accessed: 2017-05-17]}
 }  
 
 @Misc{tensorFlow,
   author={Google Brain Team},
   title={TensorFlow},
   year={2017},
   howpublished="\url{https://www.tensorflow.org/}",
   note={Accessed: 2017-04-28]}
 } 
 
 @Misc{nlkt_stemming,
   author={Alex Rudnick et al.},
   title={NLKT},
   year={2017},
   howpublished={\url{http://www.nltk.org/api/nltk.stem.html}}
 } 
 
 @Misc{snowball_dutch,
   author={Olly Betts, Richard Boulton},
   title={Snowball},
   year={2017},
   howpublished={\url{http://snowball.tartarus.org/algorithms/dutch/stemmer.html}}
 } 
 
 @Misc{porter_Stemmer,
   author={M.F. Porter},
   title={Porter},
   year={1980},
   howpublished={\url{https://tartarus.org/martin/PorterStemmer/}}
 }

 @Misc{sig,
   author={software improvement group},
   title={SIG},
   year={2017},
   howpublished={\url{https://www.sig.eu/}}
 }
 
  @Misc{better_code_hub,
   author={Software improvement group},
   title={better code hub},
   year={2017},
   howpublished={\url{https://bettercodehub.com/}}
 }

@Inproceedings{smith2013dirt,
  title={Dirt Cheap Web-Scale Parallel Text from the Common Crawl.},
  author={Smith, Jason R and Saint-Amand, Herve and Plamada, Magdalena and Koehn, Philipp and Callison-Burch, Chris and Lopez, Adam},
  booktitle={ACL (1)},
  pages={1374--1383},
  year={2013}
}

@Article{muhleisen2012web,
  title={Web Data Commons-Extracting Structured Data from Two Large Web Corpora.},
  author={M{\"u}hleisen, Hannes and Bizer, Christian},
  journal={LDOW},
  volume={937},
  pages={133--145},
  year={2012}
}

@Article{singh2012wikilinks,
  title={Wikilinks: A large-scale cross-document coreference corpus labeled via links to Wikipedia},
  author={Singh, Sameer and Subramanya, Amarnag and Pereira, Fernando and McCallum, Andrew},
  journal={University of Massachusetts, Amherst, Tech. Rep. UM-CS-2012-015},
  year={2012}
}

@Incollection{wu2014future,
  title={The future of prediction: How Google searches foreshadow housing prices and sales},
  author={Wu, Lynn and Brynjolfsson, Erik},
  booktitle={Economic analysis of the digital economy},
  pages={89--118},
  year={2014},
  publisher={University of Chicago Press}
}

@misc{Elasticsearch,
  author={Elasticsearch},
  title={Elasticsearch},
  howpublished={\url{https://www.elastic.co/products/elasticsearch}},
  note={Accessed: 2017-04-26}
}

@misc{neo4j,
  author={Neo4j},
  title={Neo4j, the world's leading graph database},
  howpublished={\url{https://www.neo4j.com}},
  note={Accessed: 2017-04-26}
}

@misc{neo4jscalable,
  author={Neo4j},
  title={Understanding Neo4j scalability},
  howpublished={\url{https://neo4j.com/resources/understanding-neo4j-scalability-white-paper/
}},
  note={Accessed: 2017-06-19}
}


@misc{hadoop,
  author={Apache Hadoop},
  title={Hadoop, open-source software for reliable, scalable, distributed computing. },
  howpublished={\url{http://hadoop.apache.org/}},
  note={Accessed: 2017-04-28}
}

@inproceedings{Kononenko2014,
 author = {Kononenko, Oleksii and Baysal, Olga and Holmes, Reid and Godfrey, Michael W.},
 title = {Mining Modern Repositories with Elasticsearch},
 booktitle = {Proceedings of the 11th Working Conference on Mining Software Repositories},
 series = {MSR 2014},
 year = {2014},
 isbn = {978-1-4503-2863-0},
 location = {Hyderabad, India},
 pages = {328--331},
 numpages = {4},
 url = {http://doi.acm.org/10.1145/2597073.2597091},
 doi = {10.1145/2597073.2597091},
 acmid = {2597091},
 publisher = {ACM},
 address = {New York, NY, USA},
 keywords = {Elasticsearch, agile data, scalability},
}

@inproceedings{holzschuher2013performance,
  title={Performance of graph query languages: comparison of cypher, gremlin and native access in Neo4j},
  author={Holzschuher, Florian and Peinl, Ren{\'e}},
  booktitle={Proceedings of the Joint EDBT/ICDT 2013 Workshops},
  pages={195--204},
  year={2013},
  organization={ACM}
}

@book{clegg1994case,
  title={Case method fast-track: a RAD approach},
  author={Clegg, Dai and Barker, Richard},
  year={1994},
  publisher={Addison-Wesley Longman Publishing Co., Inc.}
}

@article{haerder1983principles,
  title={Principles of transaction-oriented database recovery},
  author={Haerder, Theo and Reuter, Andreas},
  journal={ACM Computing Surveys (CSUR)},
  volume={15},
  number={4},
  pages={287--317},
  year={1983},
  publisher={ACM}
}

@article{Aho-Corasick,
 author = {Aho, Alfred V. and Corasick, Margaret J.},
 title = {Efficient String Matching: An Aid to Bibliographic Search},
 journal = {Commun. ACM},
 issue_date = {June 1975},
 volume = {18},
 number = {6},
 month = jun,
 year = {1975},
 issn = {0001-0782},
 pages = {333--340},
 numpages = {8},
 url = {http://doi.acm.org/10.1145/360825.360855},
 doi = {10.1145/360825.360855},
 acmid = {360855},
 publisher = {ACM},
 address = {New York, NY, USA},
 keywords = {bibliographic search, computational complexity, finite state machines, information retrieval, keywords and phrases, string pattern matching, text-editing},
} 

@article{rasool2012string,
  title={String Matching Methodologies: A Comparative Analysis},
  author={Rasool, Akhtar and Tiwari, Amrita and Singla, Gunjan and Khare, Nilay},
  journal={REM (Text)},
  volume={234567},
  number={11},
  pages={3},
  year={2012},
  publisher={Citeseer}
}

@article{468391, 
author={R. A. Becker and S. G. Eick and A. R. Wilks}, 
journal={IEEE Transactions on Visualization and Computer Graphics}, 
title={Visualizing network data}, 
year={1995}, 
volume={1}, 
number={1}, 
pages={16-28}, 
keywords={data visualisation;matrix algebra;telecommunication computing;user interfaces;SeeNet;direct manipulation techniques;geographical relationships;interactive graphics;matrix arrangement;network data analysis;network data visualization;network links;parameter focusing;static network displays;Communication networks;Computer graphics;Computer networks;Data analysis;Data communication;Data visualization;Displays;IP networks;Personal communication networks;Statistics}, 
doi={10.1109/2945.468391}, 
ISSN={1077-2626}, 
month={Mar},}

@book{meijers2007synergy,
  title={Synergy in polycentric urban regions: complementarity, organising capacity and critical mass},
  author={Meijers, Evert J},
  volume={13},
  year={2007},
  publisher={IOS Press}
}

@article{rose2010automatic,
  title={Automatic keyword extraction from individual documents},
  author={Rose, Stuart and Engel, Dave and Cramer, Nick and Cowley, Wendy},
  journal={Text Mining},
  pages={1--20},
  year={2010}
}

@article{short1996dirty,
  title={The dirty little secret of world cities research: data problems in comparative analysis},
  author={Short, John Rennie and Kim, Y and Kuus, Merje and Wells, Heather},
  journal={International Journal of Urban and Regional Research},
  volume={20},
  number={4},
  pages={697--717},
  year={1996},
  publisher={Wiley Online Library}
}

@article{derudder2005appraisal,
  title={An appraisal of the use of airline data in assessing the world city network: a research note on data},
  author={Derudder, Ben and Witlox, Frank},
  journal={Urban Studies},
  volume={42},
  number={13},
  pages={2371--2388},
  year={2005},
  publisher={Sage Publications Sage UK: London, England}
}

@article{eaton1997cities,
  title={Cities and growth: Theory and evidence from France and Japan},
  author={Eaton, Jonathan and Eckstein, Zvi},
  journal={Regional science and urban Economics},
  volume={27},
  number={4},
  pages={443--474},
  year={1997},
  publisher={Elsevier}
}

@article{fujita2003does,
  title={Does geographical agglomeration foster economic growth? And who gains and loses from it?},
  author={Fujita, Masahisa and Thisse, Jacques-Fran{\c{c}}ois},
  journal={The Japanese Economic Review},
  volume={54},
  number={2},
  pages={121--145},
  year={2003},
  publisher={Wiley Online Library}
}

@article{derudder2010intercity,
  title={Intercity Relations and Globalisation: The Evolution of the Global Urban Hierarchy, 1981—2007},
  author={Derudder, Ben and Timberlake, Michael and Witlox, Frank and Alderson, Arthur S and Beckfield, Jason and Sprague-Jones, Jessica},
  journal={Urban Studies},
  volume={47},
  number={9},
  pages={1899--1923},
  year={2010},
  publisher={SAGE Publications Sage UK: London, England}
}

@article{ml_text,
 author = {Sebastiani, Fabrizio},
 title = {Machine Learning in Automated Text Categorization},
 journal = {ACM Comput. Surv.},
 issue_date = {March 2002},
 volume = {34},
 number = {1},
 month = mar,
 year = {2002},
 issn = {0360-0300},
 pages = {1--47},
 numpages = {47},
 url = {http://doi.acm.org/10.1145/505282.505283},
 doi = {10.1145/505282.505283},
 acmid = {505283},
 publisher = {ACM},
 address = {New York, NY, USA},
 keywords = {Machine learning, text categorization, text classification},
}

@inproceedings{ramos_tfidf,
  title={Using tf-idf to determine word relevance in document queries},
  author={Ramos, Juan and others},
  booktitle={Proceedings of the first instructional conference on machine learning},
  year={2003}
}