@Article{porter2000location,
  title={Location, competition, and economic development: Local clusters in a global economy},
  author={Porter, Michael E},
  journal={Economic development quarterly},
  volume={14},
  number={1},
  pages={15--34},
  year={2000},
  publisher={Sage Publications Sage CA: Thousand Oaks, CA}
}

@Article{preis2013quantifying,
  title={Quantifying trading behavior in financial markets using Google Trends},
  author={Preis, Tobias and Moat, Helen Susannah and Stanley, H Eugene},
  journal={Nature: scientific reports},
  year={2013}
}

@Misc{commoncrawl,
   author={Common Crawl},
   title={Common Crawl},
   year={2017},
   howpublished="\url{https://commoncrawl.org/}",
   note={Accessed: 2017-04-25}
 }
 
@Misc{weka,
   author={University of Waikato},
   title={Weka},
   year={2017},
   howpublished="\url{http://www.cs.waikato.ac.nz/ml/weka/}",
   note={Accessed: 2017-04-26}
 }

@Misc{scikit-learn,
   author={Scikit-learn developers},
   title={Scikit-learn},
   year={2017},
   howpublished="\url{http://scikit-learn.org/stable/index.html}",
   note={Accessed: 2017-04-26]}
 } 
 
 @Misc{tensorFlow,
   author={Google Brain Team},
   title={TensorFlow},
   year={2017},
   howpublished="\url{https://www.tensorflow.org/}",
   note={Accessed: 2017-04-28]}
 } 
 
 @Misc{nlkt_stemming,
   author={Alex Rudnick et al.},
   title={NLKT},
   year={2017},
   howpublished={\url{http://www.nltk.org/api/nltk.stem.html}}
 } 
 
 @Misc{snowball_dutch,
   author={Olly Betts, Richard Boulton},
   title={Dnowball},
   year={2017},
   howpublished={\url{http://snowball.tartarus.org/algorithms/dutch/stemmer.html}}
 } 

@Inproceedings{smith2013dirt,
  title={Dirt Cheap Web-Scale Parallel Text from the Common Crawl.},
  author={Smith, Jason R and Saint-Amand, Herve and Plamada, Magdalena and Koehn, Philipp and Callison-Burch, Chris and Lopez, Adam},
  booktitle={ACL (1)},
  pages={1374--1383},
  year={2013}
}

@Article{muhleisen2012web,
  title={Web Data Commons-Extracting Structured Data from Two Large Web Corpora.},
  author={M{\"u}hleisen, Hannes and Bizer, Christian},
  journal={LDOW},
  volume={937},
  pages={133--145},
  year={2012}
}

@Article{singh2012wikilinks,
  title={Wikilinks: A large-scale cross-document coreference corpus labeled via links to Wikipedia},
  author={Singh, Sameer and Subramanya, Amarnag and Pereira, Fernando and McCallum, Andrew},
  journal={University of Massachusetts, Amherst, Tech. Rep. UM-CS-2012-015},
  year={2012}
}

@Incollection{wu2014future,
  title={The future of prediction: How Google searches foreshadow housing prices and sales},
  author={Wu, Lynn and Brynjolfsson, Erik},
  booktitle={Economic analysis of the digital economy},
  pages={89--118},
  year={2014},
  publisher={University of Chicago Press}
}

@misc{Eurostat,
  key = {Eurostat},
  title = {Eurostat: About},
  howpublished = {\url{http://ec.europa.eu/eurostat/about/overview}},
  note = {Accessed: 2017-04-26}
}

@misc{delpher,
  author={Koninklijke Bibliotheek},
  title={Delpher - Boeken Kranten Tijdschriften},
  howpublished={\url{http://delpher.nl/}},
  note={Accessed: 2017-04-26}
}

@misc{Elasticsearch,
  author={Elasticsearch},
  title={Elasticsearch},
  howpublished={\url{https://www.elastic.co/products/elasticsearch}},
  note={Accessed: 2017-04-26}
}

@misc{neo4j,
  author={Neo4j},
  title={Neo4j, the world's leading graph database},
  howpublished={\url{https://www.neo4j.com}},
  note={Accessed: 2017-04-26}
}

@inproceedings{Kononenko2014,
 author = {Kononenko, Oleksii and Baysal, Olga and Holmes, Reid and Godfrey, Michael W.},
 title = {Mining Modern Repositories with Elasticsearch},
 booktitle = {Proceedings of the 11th Working Conference on Mining Software Repositories},
 series = {MSR 2014},
 year = {2014},
 isbn = {978-1-4503-2863-0},
 location = {Hyderabad, India},
 pages = {328--331},
 numpages = {4},
 url = {http://doi.acm.org/10.1145/2597073.2597091},
 doi = {10.1145/2597073.2597091},
 acmid = {2597091},
 publisher = {ACM},
 address = {New York, NY, USA},
 keywords = {Elasticsearch, agile data, scalability},
}

@inproceedings{holzschuher2013performance,
  title={Performance of graph query languages: comparison of cypher, gremlin and native access in Neo4j},
  author={Holzschuher, Florian and Peinl, Ren{\'e}},
  booktitle={Proceedings of the Joint EDBT/ICDT 2013 Workshops},
  pages={195--204},
  year={2013},
  organization={ACM}
}

@book{clegg1994case,
  title={Case method fast-track: a RAD approach},
  author={Clegg, Dai and Barker, Richard},
  year={1994},
  publisher={Addison-Wesley Longman Publishing Co., Inc.}
}

@article{haerder1983principles,
  title={Principles of transaction-oriented database recovery},
  author={Haerder, Theo and Reuter, Andreas},
  journal={ACM Computing Surveys (CSUR)},
  volume={15},
  number={4},
  pages={287--317},
  year={1983},
  publisher={ACM}
}