@Article{porter2000location,
  title={Location, competition, and economic development: Local clusters in a global economy},
  author={Porter, Michael E},
  journal={Economic development quarterly},
  volume={14},
  number={1},
  pages={15--34},
  year={2000},
  publisher={Sage Publications Sage CA: Thousand Oaks, CA}
}

@Article{preis2013quantifying,
  title={Quantifying trading behavior in financial markets using Google Trends},
  author={Preis, Tobias and Moat, Helen Susannah and Stanley, H Eugene},
  year={2013}
}

@Misc{commoncrawl,
   author={Common Crawl},
   title={Common Crawl},
   year={2017},
   howpublished="\url{https://commoncrawl.org/}",
   note={[Online; accessed 25-April-2017]}
 }

@Inproceedings{smith2013dirt,
  title={Dirt Cheap Web-Scale Parallel Text from the Common Crawl.},
  author={Smith, Jason R and Saint-Amand, Herve and Plamada, Magdalena and Koehn, Philipp and Callison-Burch, Chris and Lopez, Adam},
  booktitle={ACL (1)},
  pages={1374--1383},
  year={2013}
}

@Article{muhleisen2012web,
  title={Web Data Commons-Extracting Structured Data from Two Large Web Corpora.},
  author={M{\"u}hleisen, Hannes and Bizer, Christian},
  journal={LDOW},
  volume={937},
  pages={133--145},
  year={2012}
}

@Article{singh2012wikilinks,
  title={Wikilinks: A large-scale cross-document coreference corpus labeled via links to Wikipedia},
  author={Singh, Sameer and Subramanya, Amarnag and Pereira, Fernando and McCallum, Andrew},
  journal={University of Massachusetts, Amherst, Tech. Rep. UM-CS-2012-015},
  year={2012}
}

@Incollection{wu2014future,
  title={The future of prediction: How Google searches foreshadow housing prices and sales},
  author={Wu, Lynn and Brynjolfsson, Erik},
  booktitle={Economic analysis of the digital economy},
  pages={89--118},
  year={2014},
  publisher={University of Chicago Press}
}