@Article{porter2000location,
  title={Location, competition, and economic development: Local clusters in a global economy},
  author={Porter, Michael E},
  journal={Economic development quarterly},
  volume={14},
  number={1},
  pages={15--34},
  year={2000},
  publisher={Sage Publications Sage CA: Thousand Oaks, CA}
}

@Article{preis2013quantifying,
  title={Quantifying trading behavior in financial markets using Google Trends},
  author={Preis, Tobias and Moat, Helen Susannah and Stanley, H Eugene},
  year={2013}
}

@Misc{commoncrawl,
   author={Common Crawl},
   title={Common Crawl},
   year={2017},
   howpublished="\url{https://commoncrawl.org/}",
   note={[Online; accessed 25-April-2017]}
 }


@incollection{wu2014future,
  title={The future of prediction: How Google searches foreshadow housing prices and sales},
  author={Wu, Lynn and Brynjolfsson, Erik},
  booktitle={Economic analysis of the digital economy},
  pages={89--118},
  year={2014},
  publisher={University of Chicago Press}
}